% Encoding: UTF-8


@book{hammer2008mediendesign,
	title={Mediendesign f{\"u}r Studium und Beruf: Grundlagenwissen und Entwurfssystematik in Layout, Typografie und Farbgestaltung},
	author={Hammer, Norbert},
	year={2008},
	publisher={Springer-Verlag}
}
@online{TISC1995,
	author={TIS Committee},
	title={Tool Interface Standard (TIS) Executable and Linking Format (ELF) Specification Version 1.2},
	year={1995},
	url={http://refspecs.linuxfoundation.org/elf/elf.pdf},
	urldate={2019-12-23}
}
@article{Wimmer2019,
 author = {Wimmer, Christian and Stancu, Codrut and Hofer, Peter and Jovanovic, Vojin and W\"{o}gerer, Paul and Kessler, Peter B. and Pliss, Oleg and W\"{u}rthinger, Thomas},
 title = {Initialize Once, Start Fast: Application Initialization at Build Time},
 journal = {Proc. ACM Program. Lang.},
 issue_date = {October 2019},
 volume = {3},
 number = {OOPSLA},
 month = oct,
 year = {2019},
 issn = {2475-1421},
 pages = {184:1--184:29},
 articleno = {184},
 numpages = {29},
 url = {http://doi.acm.org/10.1145/3360610},
 doi = {10.1145/3360610},
 acmid = {3360610},
 publisher = {ACM},
 address = {New York, NY, USA},
 keywords = {Graal, GraalVM, Java, ahead-of-time compilation, compiler, optimization, virtual machine},
} 

@inproceedings{Hind2001,
 author = {Hind, Michael},
 title = {Pointer Analysis: Haven'T We Solved This Problem Yet?},
 booktitle = {Proceedings of the 2001 ACM SIGPLAN-SIGSOFT Workshop on Program Analysis for Software Tools and Engineering},
 series = {PASTE '01},
 year = {2001},
 isbn = {1-58113-413-4},
 location = {Snowbird, Utah, USA},
 pages = {54--61},
 numpages = {8},
 url = {http://doi.acm.org/10.1145/379605.379665},
 doi = {10.1145/379605.379665},
 acmid = {379665},
 publisher = {ACM},
 address = {New York, NY, USA},
}
@article{Smaragdakis2015,
 author = {Smaragdakis, Yannis and Balatsouras, George},
 title = {Pointer Analysis},
 journal = {Found. Trends Program. Lang.},
 issue_date = {4 2015},
 volume = {2},
 number = {1},
 month = apr,
 year = {2015},
 issn = {2325-1107},
 pages = {1--69},
 numpages = {69},
 url = {http://dx.doi.org/10.1561/2500000014},
 doi = {10.1561/2500000014},
 acmid = {2802195},
 publisher = {Now Publishers Inc.},
 address = {Hanover, MA, USA},
} 
@Comment{jabref-meta: databaseType:biblatex;}

@Comment{jabref-meta: fileDirectory-Robin-Robin-Laptop:C:\\Users\\Robin\\Google Drive\\Master\\19SoSe\\Heuristische Suche\\sPluPlus\\Literatur;}

@Comment{jabref-meta: protectedFlag:true;}

@Comment{jabref-meta: saveActions:enabled;
date[normalize_date]
pages[normalize_page_numbers]
month[normalize_month]
all-text-fields[identity,latex_to_unicode]
title[html_to_unicode]
;}

@Comment{jabref-meta: saveOrderConfig:specified;year;false;author;false;title;false;}

